@ARTICLE{graphembedding,
    AUTHOR = "S. Yan and D. Xu and B. Zhang and H.-J. Zhang and  Q. Yang and S. Lin",
    TITLE = "Graph Embedding and Extensions: A General Framework for Dimensionality Reduction ",
    JOURNAL = "IEEE TPAMI",
    VOLUME = {29},
    PAGES = {40 - 51},
    YEAR = {2007}   }
    





@ARTICLE{Pan:survey,
    AUTHOR = "S. J. Pan and Q. Yang",
    TITLE = "A survey on transfer learning",
    JOURNAL = "IEEE TKDE",
    VOLUME = {22},
    PAGES = {1345Ð1359},
    YEAR = {2010}   }

@ARTICLE{Daume:DA,
    AUTHOR = "H. Daume and D. Marcu",
    TITLE = "Domain adaptation for statistical classifiers",
    JOURNAL = "Journal of Artificial Intelligence Research",
    VOLUME = {26},
    PAGES = {101-126},
    YEAR = {2006}   }    

@INPROCEEDINGS{Ben-David:analysis,
AUTHOR="S. Ben-David and J. Blitzer and K. Crammer and F. Pereira",
TITLE="Analysis of Representations for Domain Adaptation",
BOOKTITLE="NIPS",
YEAR={2007} } 

@INPROCEEDINGS{Blitzer:DA,
AUTHOR="J. Blitzer and K. Crammer and A. Kulesza and F. Pereira and J. Wortman",
TITLE="Learning bounds for domain adaptation",
BOOKTITLE="NIPS",
YEAR={2008} }

@ARTICLE{Ben-David:DA,
    AUTHOR = "S. Ben-David and J. Blitzer and K. Crammer and A. Kulesza and F. Pereira and J. W. Vaughan",
    TITLE = "A theory of learning from different domains",
    JOURNAL = "Machine Learning",
    VOLUME = {79},
    PAGES = {151-175},
    YEAR = {2010}   }
    







@INPROCEEDINGS{Schweikert:SVMsurvey,
AUTHOR="G. Schweikert and C. Widmer and B. Scholkopf and G. Ratsch",
TITLE="An empirical analysis of domain adaptation algorithms for genomic sequence analysis",
BOOKTITLE="NIPS",
YEAR={2009} } 

@INPROCEEDINGS{Bergamo:SVMsurvey,
AUTHOR="A. Bergamo and L. Torresani",
TITLE="Exploiting weakly-labeled Web images to improve object classification: a domain adaptation approach",
BOOKTITLE="NIPS",
YEAR={2010} } 

@INPROCEEDINGS{Daume:simpleSVM,
AUTHOR="H. Daume",
TITLE="Frustratingly easy domain adaptation",
BOOKTITLE="ACL",
YEAR={2007} }    

@ARTICLE{Bruzzone:DASVM,
    AUTHOR = "L. Bruzzone and M. Marconcini",
    TITLE = "Domain adaptation problems: A DASVM classification technique and a circular validation strategy",
    JOURNAL = "IEEE TPAMI",
    VOLUME = {32},
    PAGES = {770 - 787},
    YEAR = {2010}   }

@ARTICLE{Duan:MKL,
    AUTHOR = "L. Duan and I. W. Tsang and D. Xu",
    TITLE = "Domain Transfer Multiple Kernel Learning",
    JOURNAL = "IEEE TPAMI",
    VOLUME = {34},
    PAGES = {465-479},
    YEAR = {2012}   }








@ARTICLE{Crammer:multi,
    AUTHOR = "K. Crammer and M. Kearns and J. Wortman",
    TITLE = "Learning from multiple sources",
    JOURNAL = "JMLR",
    VOLUME = {9},
    PAGES = {1757Ð1774},
    YEAR = {2008}   }

@INPROCEEDINGS{Mansour:multi-domain,
AUTHOR="Y. Mansour and M. Mohri and A. Rostamizadeh",
TITLE="Domain adaptation with multiple sources",
BOOKTITLE="NIPS",
YEAR={2009} }  


@INPROCEEDINGS{Chattopadhyay:multi-domain,
AUTHOR="R. Chattopadhyay and J. Ye and S. Panchanathan and W. Fan and I. Davidson",
TITLE="Multi-source domain adaptation and its application to early detection of fatigue",
BOOKTITLE="KDD",
YEAR={2007} }    

@INPROCEEDINGS{Duan:multi-SVM,
AUTHOR="L. Duan and I. W. Tsang and D. Xu and T.-S. Chua",
TITLE="Domain adaptation from multiple sources via auxiliary classifiers",
BOOKTITLE="ICML",
YEAR={2009} } 







@INPROCEEDINGS{Shi:heterogeneous,
AUTHOR="X. Shi and Q. Liu and W. Fan and Q. Yang and P. S. Yu",
TITLE="Predictive Modeling with Heterogeneous Sources",
BOOKTITLE="ICDM",
YEAR={2010} } 

@INPROCEEDINGS{Zhu:heterogeneous,
AUTHOR="Y. Zhu and Y. Chen and Z. Lu and S. J. Pan and G. Xue and Y. Yu and Q. Yang",
TITLE="Heterogeneous Transfer Learning for Image Classification",
BOOKTITLE="AAAI",
YEAR={2011} } 

@INPROCEEDINGS{Duan:heterogeneous,
AUTHOR="L. Duan and D. Xu  and I. Tsang",
TITLE="Learning with Augmented Features for Heterogeneous Domain Adaptation",
BOOKTITLE="ICML",
YEAR={2012} } 





@INPROCEEDINGS{Shi:Unsupervised,
AUTHOR="Y. Shi and F. Sha",
TITLE="Information-Theoretical Learning of Discriminative Clusters for Unsupervised Domain Adaptation",
BOOKTITLE="ICML",
YEAR={2012} } 






@INPROCEEDINGS{Long:multi-view,
AUTHOR="B. Long and P. S. Yu and Z. Zhang",
TITLE="A General Model for Multiple View Unsupervised Learning",
BOOKTITLE="ICDM",
YEAR={2009} } 


@INPROCEEDINGS{Chen:multi-view,
AUTHOR="Q. Chen and S. Sun",
TITLE="Hierarchical multi-view Fisher discriminant analysis",
BOOKTITLE="NIPS",
YEAR={2009} } 

@INPROCEEDINGS{Harel:multi-view,
AUTHOR="M. Harel and S. Mannor",
TITLE="Learning from multiple outlooks",
BOOKTITLE="NIPS",
YEAR={2011} } 

@INPROCEEDINGS{Ruping:multi-view,
AUTHOR="S. Ruping and T. Scheffer",
TITLE="Learning with multiple views",
BOOKTITLE="Workshop on Learning with Multiple Views",
YEAR={2005} } 

 @INPROCEEDINGS{Sindhwani:multi-view,
AUTHOR="V. Sindhwani and P. Niyogi and M. Belkin",
TITLE="A Co-regularization approach to semisupervised learning with multiple views",
BOOKTITLE="Workshop on Learning with Multiple Views",
YEAR={2005} }   
   
@INPROCEEDINGS{Amini:multi-view,
AUTHOR="M.-R. Amini and N. Usunier and C. Goutte",
TITLE="Learning from multiple partially observed views - an application to multilingual text categorization",
BOOKTITLE="NIPS",
YEAR={2009} }     

@INPROCEEDINGS{Zhou:multi-view,
AUTHOR="D. Zhou and C. Burges",
TITLE="Spectral Clustering and Transductive Learning with Multiple Views",
BOOKTITLE="ICML",
YEAR={2007} }  

@INPROCEEDINGS{Christoudias:multi-view,
AUTHOR="C. Christoudias and R. Urtasun and T. Darrell ",
TITLE="Multi-View Learning in the Presence of View Disagreement",
BOOKTITLE="UAI",
YEAR={2008} }  



@ARTICLE{CCA,
    AUTHOR = "D. Hardoon and S. Szedmak and J. Shawe-Taylor",
    TITLE = "Canonical correlation analysis: an overview with application to learning methods",
    JOURNAL = "Neural Computation",
    VOLUME = {16},
    PAGES = {2639Ð2664},
    YEAR = {2004}   }    




@INPROCEEDINGS{Pan:TCA,
AUTHOR="S.J. Pan and I.W. Tsang and J.T. Kwok and Q. Yang",
TITLE="Domain Adaptation via Transfer Component Analysis",
BOOKTITLE="IJCAI",
YEAR={2009} }  

@INPROCEEDINGS{Wang:Manifold,
AUTHOR="C. Wang and S. Mahadevan",
TITLE="Heterogeneous Domain Adaptation using Manifold Alignment",
BOOKTITLE="IJCAI",
YEAR={2011} } 

@INPROCEEDINGS{Ling:Spectral,
AUTHOR="X. Ling and W. Dai and G.-R. Xue and Q. Yang and Y. Yu",
TITLE="Spectral Domain-Transfer Learning",
BOOKTITLE="KDD",
YEAR={2008} } 





@INPROCEEDINGS{Gopalan:Grassmann,
AUTHOR="R. Gopalan and R. Li and R. Chellappa",
TITLE="Domain adaptation for object recognition: An unsupervised approach",
BOOKTITLE="ICCV",
YEAR={2011} } 

@INPROCEEDINGS{Gong:Grassmann,
AUTHOR="B. Gong and Y. Shi and F. Sha and K. Grauman",
TITLE="Geodesic Flow Kernel for Unsupervised Domain Adaptation",
BOOKTITLE="CVPR",
YEAR={2012} } 


@INPROCEEDINGS{Kulis:ML,
AUTHOR="B. Kulis and K. Saenko and T. Darrell",
TITLE="What you saw is not what you get: Domain adaptation using asymmetric kernel transforms",
BOOKTITLE="CVPR",
YEAR={2011} } 

@INPROCEEDINGS{Saenko:ML,
AUTHOR="K. Saenko and B. Kulis and M. Fritz and T. Darrell",
TITLE="Adapting visual category models to new domains",
BOOKTITLE="ECCV",
YEAR={2010} } 


@misc{letterimage,
howpublished = {\url{http://cs.nyu.edu/~roweis/data/binaryalphadigs.jpg}}
 }

@misc{letterattr,
author = "A. Frank and A. Asuncion",
year = "2010",
title = "{UCI} Machine Learning Repository",
howpublished = {\url{http://archive.ics.uci.edu/ml"}}
} 


@Article{GeBeKr01,
  author =  "Georghiades, A.S. and Belhumeur, P.N. and Kriegman, D.J.",
  title =   "From Few to Many: Illumination Cone Models for Face Recognition under
               Variable Lighting and Pose",
  journal = "IEEE TPAMI",
  year =  2001,
  volume = 23,
  number = 6,
  pages= "643-660"} 

@ARTICLE{MKL,
    AUTHOR = "A. Rakotomamonjy and F. Bach and S. Canu and Y. Grandvalet",
    TITLE = "Simple{MKL}",
    JOURNAL = "JMLR",
    VOLUME = {9},
   PAGES = {2491-2521},
    YEAR = {2008}
    }


@Article{Everingham10,
   author = "Everingham, M. and Van~Gool, L. and Williams, C. K. I. and Winn, J. and Zisserman, A.",
   title = "The Pascal Visual Object Classes (VOC) Challenge",
   journal = "International Journal of Computer Vision",
   volume = "88",
   year = "2010",
   number = "2",
   month = jun,
   pages = "303--338",
} 
