@INPROCEEDINGS{Khan:parade,
    AUTHOR = "S. M. Khan and M. Shah",
    TITLE = "Detecting Group Activities Using Rigidity of Formation",
    BOOKTITLE = "ACM Multimedia 2005",
    YEAR = {2005}   }

@ARTICLE{Vaswani:shape,
    AUTHOR = "N. Vaswani and A.K. Roy-Chowdhury and R. Chellappa",
    TITLE = "Shape Activity: A Continuous-State HMM for Moving/Deforming Shapes With Application to Abnormal Activity Detection",
    JOURNAL = "IEEE Transactions on Image Processing",
    VOLUME = {14},
    PAGES = {1603 - 1616},
    YEAR = {2005}   }






@INPROCEEDINGS{Zhou:pair,
    AUTHOR = "Y. Zhou and S. Yan and T. S. Huang",
    TITLE = "Pair-Activity Classification by Bi-Trajectories Analysis",
    BOOKTITLE = "CVPR",
    YEAR = {2008}   }

@ARTICLE{Ma:tensortraj,
    AUTHOR = "X. Ma and F. Bashir and A. Khokhar and D. Schonfeld",
    TITLE = "Event analysis based on multiple interactive motion trajectories.",
    JOURNAL = "IEEE Transactions on Circuits and Systems for Video Technology",
    VOLUME = {19},
    PAGES = {397 - 406},
    YEAR = {2009}   }
    }

@INPROCEEDINGS{Ni:group,
    AUTHOR = "B. Ni and S. Yan and A. Kassim",
    TITLE = " Recognizing Human Group Activities by Localized Causalities",
    BOOKTITLE = "CVPR",
    YEAR = {2009}   }











@INPROCEEDINGS{Hongeng:act,
    AUTHOR = "S. Hongeng and R. Nevatia",
    TITLE = "Multi-agent Event Recognition",
    BOOKTITLE = "ICCV",
    YEAR = {2001}   }


@INPROCEEDINGS{Gong:act,
    AUTHOR = "S. Gong and T. Xiang",
    TITLE = "Recognition of Group Activities using Dynamic Probabilistic Networks",
    BOOKTITLE = "ICCV",
    YEAR = {2003}   }


@ARTICLE{McCowan:meeting,
    AUTHOR = "I. McCowan and D. Gatica-Perez and S. Bengio and G. Lathoud and M. Barnard and D. Zhang",
    TITLE = "Automatic Analysis of Multimodal Group Actions in Meetings",
    JOURNAL = "PAMI",
    VOLUME = {27},
    PAGES = {305 - 317},
    YEAR = {2005}   }


@ARTICLE{Liu:act,
    AUTHOR = "X. Liu and C. Chua",
    TITLE = "Multi-agent activity recognition using observation decomposedhidden Markov models",
    JOURNAL = "Image and Vision Computing ",
    VOLUME = {24},
    NUMBER = {2},
    PAGES = {166 - 175},
    YEAR = {2006}   }

@ARTICLE{Hakeem:act,
    AUTHOR = "A. Hakeem and M. Shah",
    TITLE = "Learning, detection and representation of multi-agent events in videos",
    JOURNAL = "Artificial Intelligence",
    VOLUME = {171},
    PAGES = {586 - 605},
    YEAR = {2007}   }






@ARTICLE{Intille:act,
    AUTHOR = "S.S. Intille and A.F. Bobick",
    TITLE = "Recognizing Planned, Multiperson Action",
    JOURNAL = "CVIU",
    VOLUME = {81},
    PAGES = {414 - 445},
    YEAR = {2001}   }

@INPROCEEDINGS{Swears,
    AUTHOR = "E. Swears and A. Hoogs",
    TITLE = "Learning and Recognizing Complex Multi-Agent Activities with Applications to American Football Plays",
    BOOKTITLE = "WACV",
    YEAR = {2012}   }

@ARTICLE{Perse:group,
    AUTHOR = "M. Perse and M. Kristan and S. Kovacic and G. Vuckovic and J. Pers",
    TITLE = "A trajectory-based analysis of coordinated team activity in a basketball game",
    JOURNAL = "CVIU",
    VOLUME = {113},
    NUMBER= {5},
    PAGES = {612 - 621},
    YEAR = {2009}   }









@ARTICLE{Lan:group,
    AUTHOR = "T. Lan and Y. Wang and W. Yang and S. Robinovitch and G. Mori",
    TITLE = "Discriminative Latent Models for Recognizing Contextual Group Activities",
    JOURNAL = "PAMI",
    VOLUME = {34},
    NUMBER= {8},
    PAGES = {1549-1562},
    YEAR = {2012}   }



@INPROCEEDINGS{Ryoo:group,
    AUTHOR = "M. S. Ryoo and J. K. Aggarwal",
    TITLE = "Spatio-Temporal Relationship Match: Video Structure Comparison for Recognition of Complex Human Activities",
    BOOKTITLE = "ICCV",
    YEAR = {2009}   }



@INPROCEEDINGS{Choi:recogtrack,
    AUTHOR = "W. Choi and S. Savarese.",
    TITLE = "A Unified Framework for Multi-Target Tracking and Collective Activity Recognition",
    BOOKTITLE = "ECCV",
    YEAR = {2012}   }



@INPROCEEDINGS{Vlad:group,
    AUTHOR = "V. Morariu and L. Davis",
    TITLE = "Multi-agent event recognition in structured scenarios",
    BOOKTITLE = "CVPR",
    YEAR = {2011}   }

@INPROCEEDINGS{Choi:context,
    AUTHOR = "W. Choi and K. Shahid and S. Savarese",
    TITLE = "Learning Context for Collective Activity Recognition",
    BOOKTITLE = "CVPR",
    YEAR = {2011}   }


 @INPROCEEDINGS{Lan:retrieval,
    AUTHOR = "T. Lan and Y. Wang and G. Mori and S. Robinovitch",
    TITLE = "Retrieving Actions in Group Contexts",
    BOOKTITLE = "SGA",
    YEAR = {2010}   }



@INPROCEEDINGS{Hoogs:group,
    AUTHOR = "A. Hoogs and S. Bush and G. Brooksby and A.G.A. Perera and M. Dausch and N. Krahnstoever",
    TITLE = "Detecting Semantic Group Activities Using Relational Clustering",
    BOOKTITLE = "IEEE Workshop on Motion and Video Computing",
    YEAR = {2008}   }

 @INPROCEEDINGS{Li:segmentation,
    AUTHOR = "R. Li and R. Chellappa",
    TITLE = "Group motion segmentation using a Spatio-Temporal Driving Force Model",
    BOOKTITLE = "CVPR",
    YEAR = {2010}   }

  @INPROCEEDINGS{Cristani:discovery,
    AUTHOR =  "M. Cristani and G. Paggetti and A. Fossati and L. Bazzani and D. Tosato and A. Del Bue and G. Menegaz and V. Murino",
    TITLE = "Social interaction discovery by statistical analysis of F-formations",
    BOOKTITLE = "BMVC",
    YEAR = {2011}   }


@INPROCEEDINGS{Chang:group,
    AUTHOR =  "M. Chang and N. Krahnstoever and W. Ge",
    TITLE = "Probabilistic Group-level Motion Analysis and Scenario Recognition",
    BOOKTITLE = "ICCV",
    YEAR = {2011}   }





@ARTICLE{Ke:detection,
    AUTHOR = "Y. Ke and R. Sukthankar and M. Hebert",
    TITLE = "Volumetric Features for Video Event Detection",
    JOURNAL = "IJCV",
    VOLUME = {88},
    NUMBER= {3},
    PAGES = {339 - 362},
    YEAR = {2010}   }


@INPROCEEDINGS{Shechtman:detection,
    AUTHOR =  "E. Shechtman and M. Irani",
    TITLE = "Space-Time Behavioral Correlation",
    BOOKTITLE = "CVPR",
    YEAR = {2005}   }


@ARTICLE{Yuan:detection,
    AUTHOR = "J. Yuan and Z. Liu and Y. Wu",
    TITLE = "Discriminative Video Pattern Search for Efficient Action Detection",
    JOURNAL = "PAMI",
    VOLUME = {33},
    NUMBER= {9},
    PAGES = {1728 - 1743 },
    YEAR = {2011}   }

@INPROCEEDINGS{Hu:detection,
    AUTHOR =  "Y. Hu and L. Cao and F. Lv and S. Yan and Y. Gong and T. S. Huang",
    TITLE = "Action detection in complex scenes with spatial and temporal ambiguities",
    BOOKTITLE = "ICCV",
    YEAR = {2009}   }

@INPROCEEDINGS{Jiang:detection,
    AUTHOR =  "H. Jiang and M. Drew and Z. Li ",
    TITLE = "Successive Convex Matching for Action Detection ",
    BOOKTITLE = "CVPR",
    YEAR = {2006}   }

@INPROCEEDINGS{Laptev:detection,
    AUTHOR =  "I. Laptev and P. Perez",
    TITLE = "Retrieving actions in movies",
    BOOKTITLE = "ICCV",
    YEAR = {2007}   }

@INPROCEEDINGS{Duchenne:detection,
    AUTHOR =  "O. Duchenne and I. Laptev and J. Sivic and F. Bach and J. Ponce",
    TITLE = "Automatic Annotation of Human Actions in Video",
    BOOKTITLE = "ICCV",
    YEAR = {2009}   }


@INPROCEEDINGS{Amer:group,
    AUTHOR =  "M. Amer and S. Todorovic",
    TITLE = "A chains model for localizing participants of group activities in videos",
    BOOKTITLE = "ICCV",
    YEAR = {2011}   }



@ARTICLE{Lampert,
    AUTHOR = "C. Lampert and M. Blaschko and T. Hofmann",
    TITLE = "Efficient Subwindow Search: A Branch and Bound Framework for Object Localization",
    JOURNAL = "PAMI",
    VOLUME = {31},
    NUMBER= {12},
    PAGES = {2129-2142},
    YEAR = {2011}   }


  @INPROCEEDINGS{Dollar:STIP,
    AUTHOR =  "P. Dollar and V. Rabaud and G. Cottrell and S. Belongie",
    TITLE = "Behavior Recognition via Sparse Spatio-Temporal Features",
    BOOKTITLE = "VS-PETS",
    YEAR = {2005}   }
    
    
 @ARTICLE{Pedro:detect,
    AUTHOR = "P. Felzenszwalb and R. Girshick and D. McAllester and D. Ramanan",
    TITLE = "Object Detection with Discriminatively Trained Part Based Models",
    JOURNAL = "PAMI",
    VOLUME = {32},
    NUMBER= {9},
    PAGES = {1627-1645},
    YEAR = {2010}   }

    
 



  @INPROCEEDINGS{Xing:ML,
    AUTHOR =  "E. Xing and A. Ng and M. Jordan and S. Russell",
    TITLE = "Distance Metric Learning, with application to Clustering with side-information",
    BOOKTITLE = "NIPS",
    YEAR = {2002}   }

  @INPROCEEDINGS{Schultz:ML,
    AUTHOR =  "M. Schultz and T. Joachims",
    TITLE = "Learning a Distance Metric from Relative Comparisons",
    BOOKTITLE = "NIPS",
    YEAR = {2003}   }

  @INPROCEEDINGS{Kwok:ML,
    AUTHOR =  "J. Kwok and I. Tsang",
    TITLE = "Learning with idealized kernels",
    BOOKTITLE = "ICML",
    YEAR = {2003}   }

    @INPROCEEDINGS{Weinberger:ML,
    AUTHOR =  "K. Weinberger and J. Blitzer and L. Saul",
    TITLE = "Distance Metric Learning for Large Margin Nearest Neighbor Classification",
    BOOKTITLE = "NIPS",
    YEAR = {2005}   }

    @INPROCEEDINGS{Davis:ML,
    AUTHOR =  "J. Davis and B. Kulis and P. Jain and S. Sra and I. Dhillon",
    TITLE = "Information-Theoretic Metric Learning",
    BOOKTITLE = "ICML",
    YEAR = {2007}   }

    @INPROCEEDINGS{Frome:ML,
    AUTHOR =  "A. Frome and Y. Singer and F. Sha and  J. Malik ",
    TITLE = "Learning Globally-Consistent Local Distance Functions for Shape-Based Image Retrieval and Classification",
    BOOKTITLE = "ICCV",
    YEAR = {2007}   }

   @INPROCEEDINGS{Tran:MLAR,
    AUTHOR =  "D. Tran and A. Sorokin",
    TITLE = "Human Activity Recognition with Metric Learning",
    BOOKTITLE = "ECCV",
    YEAR = {2008}   }


    @misc{cvx,
  author       = {M. Grant and S. Boyd},
  title        = {{CVX}: Matlab Software for Disciplined Convex Programming, version 1.21},
  howpublished = {\url{http://cvxr.com/cvx}},
  month        = apr,
  year         = 2011
}

 @ARTICLE{Crouch:PI,
    author = {C. Crouch and E. Mazur},
    title = {Peer instruction: Ten years of experience and results},
    journal = {American Journal of Physics},
    year = {2001},
    volume = {69},
    pages = {970--977}
}

 @ARTICLE{Basu:Interaction,
    author = {S. Basu and T. Choudhury and B. Clarkson and A. Pentland},
    title = {Learning human interactions with the influence model},
    journal = {MIT Media Laboratory Technical Report},
    year = {2001},
    volume = {539}
    }
    
   @INPROCEEDINGS{CRIM13,
    AUTHOR =  "X. Burgos-Artizzu and P. Dollar and D. Lin and D. Anderson and P. Perona",
    TITLE = "Social Behavior Recognition in continuous videos",
    BOOKTITLE = "CVPR",
    YEAR = {2012}   }
 


